<record><leader>00000cas a2200000 a 4500</leader><controlfield tag="001">18346563</controlfield><controlfield tag="008">880812d18771947nyuwr ne      0    0eng c</controlfield><datafield ind1=" " ind2=" " tag="010"><subfield code="a">sn 88074672 </subfield></datafield><datafield ind1=" " ind2=" " tag="040"><subfield code="a">NYS</subfield><subfield code="b">eng</subfield><subfield code="c">NYS</subfield><subfield code="d">OCLCQ</subfield><subfield code="d">OCLCF</subfield><subfield code="d">OCLCO</subfield></datafield><datafield ind1="1" ind2=" " tag="029"><subfield code="a">AU@</subfield><subfield code="b">000020517412</subfield></datafield><datafield ind1=" " ind2=" " tag="042"><subfield code="a">pcc</subfield></datafield><datafield ind1=" " ind2=" " tag="043"><subfield code="a">n-us-ny</subfield></datafield><datafield ind1="0" ind2="4" tag="245"><subfield code="a">The Clifton Springs press.</subfield></datafield><datafield ind1=" " ind2=" " tag="260"><subfield code="a">Clifton Springs, N.Y. :</subfield><subfield code="b">H.L. Wright,</subfield><subfield code="c">-1947.</subfield></datafield><datafield ind1=" " ind2=" " tag="300"><subfield code="a">v.</subfield></datafield><datafield ind1=" " ind2=" " tag="310"><subfield code="a">Weekly</subfield></datafield><datafield ind1="0" ind2=" " tag="362"><subfield code="a">-v. 10, no. 39 (Oct. 2, 1947).</subfield></datafield><datafield ind1="1" ind2=" " tag="362"><subfield code="a">Began in 1877?</subfield></datafield><datafield ind1=" " ind2=" " tag="588"><subfield code="a">Description based on: Vol. 13, no. 50 (Mar. 19, 1891).</subfield></datafield><datafield ind1=" " ind2="0" tag="651"><subfield code="a">Clifton Springs (N.Y.)</subfield><subfield code="v">Newspapers.</subfield></datafield><datafield ind1=" " ind2="0" tag="651"><subfield code="a">Manchester (N.Y.)</subfield><subfield code="v">Newspapers.</subfield></datafield><datafield ind1=" " ind2="0" tag="651"><subfield code="a">Ontario County (N.Y.)</subfield><subfield code="v">Newspapers.</subfield></datafield><datafield ind1=" " ind2="7" tag="655"><subfield code="a">Newspapers.</subfield><subfield code="2">fast</subfield><subfield code="0">(OCoLC)fst01423814</subfield></datafield><datafield ind1=" " ind2="7" tag="651"><subfield code="a">New York (State)</subfield><subfield code="z">Clifton Springs.</subfield><subfield code="2">fast</subfield><subfield code="0">(OCoLC)fst01210048</subfield></datafield><datafield ind1=" " ind2="7" tag="651"><subfield code="a">New York (State)</subfield><subfield code="z">Manchester.</subfield><subfield code="2">fast</subfield><subfield code="0">(OCoLC)fst01259842</subfield></datafield><datafield ind1=" " ind2="7" tag="651"><subfield code="a">New York (State)</subfield><subfield code="z">Ontario County.</subfield><subfield code="2">fast</subfield><subfield code="0">(OCoLC)fst01209099</subfield></datafield><datafield ind1=" " ind2=" " tag="752"><subfield code="a">United States</subfield><subfield code="b">New York</subfield><subfield code="c">Ontario</subfield><subfield code="d">Clifton Springs.</subfield></datafield><datafield ind1=" " ind2=" " tag="752"><subfield code="a">United States</subfield><subfield code="b">New York</subfield><subfield code="c">Ontario</subfield><subfield code="d">Manchester.</subfield></datafield><datafield ind1="0" ind2="7" tag="785"><subfield code="t">Newark courier-gazette, the Marion enterprise</subfield><subfield code="w">(DLC)sn 88074506</subfield></datafield><datafield ind1="0" ind2="7" tag="785"><subfield code="t">Newark courier-gazette, the Marion enterprise, Clifton Springs press</subfield><subfield code="w">(DLC)sn 88074531</subfield></datafield></record>